<?xml version="1.0" encoding="utf-8"?>
<record xmlns="http://www.loc.gov/MARC21/slim" xmlns:xsi="http://www.w3.org/2001/XMLSchema-instance" xsi:schemaLocation="http://www.loc.gov/MARC21/slim http://www.loc.gov/standards/marcxml/schema/MARC21slim.xsd">
	<leader>
		02600nam a2200457   4500
	</leader>
	<controlfield tag="001">
		5961440
	</controlfield>
	<controlfield tag="003">
		NNC
	</controlfield>
	<controlfield tag="006">
		m        d        
	</controlfield>
	<controlfield tag="007">
		cr cn |||m|||a
	</controlfield>
	<controlfield tag="008">
		160223m19639999sy ac   ob    000 0 arar 
	</controlfield>
	<datafield ind1=" " ind2=" " tag="040">
		<subfield code="a">
			NNU
		</subfield>
		<subfield code="b">
			eng
		</subfield>
		<subfield code="e">
			rda
		</subfield>
		<subfield code="c">
			NNU
		</subfield>
	</datafield>
	<datafield ind1=" " ind2=" " tag="043">
		<subfield code="a">
			a-sy---
		</subfield>
	</datafield>
	<datafield ind1=" " ind2="4" tag="050">
		<subfield code="a">
			DS99.M2
		</subfield>
		<subfield code="b">
			J8
		</subfield>
	</datafield>
	<datafield ind1="1" ind2=" " tag="100">
		<subfield code="6">
			880-01
		</subfield>
		<subfield code="a">
			Jundī, Muḥammad Salīm.
		</subfield>
	</datafield>
	<datafield ind1="1" ind2="0" tag="245">
		<subfield code="6">
			880-02
		</subfield>
		<subfield code="a">
			Tārīkh Maʻarrat al-Nuʻmān,
		</subfield>
		<subfield code="c">
			[taʼlīf] Muḥammad Salīm al-Jundī. Haqqaqahu waʻallaqa alayh wa-wa-ḍaʻa fahārisahū ʻOmar Riḍa Kaḥalah.
		</subfield>
	</datafield>
	<datafield ind1=" " ind2=" " tag="260">
		<subfield code="6">
			880-03
		</subfield>
		<subfield code="a">
			Dimashq [Syria] :
		</subfield>
		<subfield code="b">
			Wazarat al-thaqafah wa-al-Irshad al-Qawmī, Mudīrīyat al-taʼlīf wa-al-tarjamah.,
		</subfield>
		<subfield code="c">
			1963-
		</subfield>
	</datafield>
	<datafield ind1=" " ind2=" " tag="300">
		<subfield code="a">
			online resource (volumes) :
		</subfield>
		<subfield code="b">
			illustrations, portrait
		</subfield>
	</datafield>
	<datafield ind1=" " ind2=" " tag="336">
		<subfield code="a">
			text
		</subfield>
		<subfield code="2">
			rdacontent
		</subfield>
	</datafield>
	<datafield ind1=" " ind2=" " tag="337">
		<subfield code="a">
			computer
		</subfield>
		<subfield code="2">
			rdamedia
		</subfield>
	</datafield>
	<datafield ind1=" " ind2=" " tag="338">
		<subfield code="a">
			online resource
		</subfield>
		<subfield code="2">
			rdacarrier
		</subfield>
	</datafield>
	<datafield ind1="1" ind2=" " tag="490">
		<subfield code="6">
			880-04
		</subfield>
		<subfield code="a">
			Silsilat bilādinā ;
		</subfield>
		<subfield code="v">
			4
		</subfield>
	</datafield>
	<datafield ind1=" " ind2=" " tag="500">
		<subfield code="a">
			Part of the Arabic Collections Online (ACO) project, contributed by Columbia University Libraries.
		</subfield>
	</datafield>
	<datafield ind1=" " ind2=" " tag="504">
		<subfield code="a">
			Includes bibliographical references.
		</subfield>
	</datafield>
	<datafield ind1=" " ind2=" " tag="533">
		<subfield code="a">
			Electronic reproduction.
		</subfield>
		<subfield code="b">
			New York, N.Y. :
		</subfield>
		<subfield code="c">
			New York University,
		</subfield>
		<subfield code="d">
			2016.
		</subfield>
		<subfield code="5">
			NNU
		</subfield>
	</datafield>
	<datafield ind1=" " ind2="0" tag="651">
		<subfield code="a">
			Maʻarrat al-Nuʻmān (Syria)
		</subfield>
	</datafield>
	<datafield ind1=" " ind2="7" tag="651">
		<subfield code="a">
			Syria
		</subfield>
		<subfield code="z">
			Maʻarrat al-Nuʻmān.
		</subfield>
		<subfield code="2">
			fast
		</subfield>
		<subfield code="0">
			(OCoLC)fst01282573
		</subfield>
	</datafield>
	<datafield ind1="1" ind2=" " tag="700">
		<subfield code="6">
			880-05
		</subfield>
		<subfield code="a">
			Kaḥalah, ʻOmar Riḍa.
		</subfield>
	</datafield>
	<datafield ind1="2" ind2=" " tag="710">
		<subfield code="a">
			Columbia University.
		</subfield>
		<subfield code="b">
			Libraries.
		</subfield>
	</datafield>
	<datafield ind1="0" ind2=" " tag="730">
		<subfield code="a">
			Arabic Collections Online.
		</subfield>
	</datafield>
	<datafield ind1="0" ind2="8" tag="776">
		<subfield code="i">
			Online version:
		</subfield>
		<subfield code="a">
			Jundī, Muḥammad Salīm.
		</subfield>
		<subfield code="t">
			Tārīkh Maʻarrat al-Nuʻmān.
		</subfield>
		<subfield code="d">
			Dimashq [Syria] Wazarat al-thaqafah wa-al-Irshad al-Qawmī, Mudīrīyat al-taʼlīf wa-al-tarjamah. 1963-
		</subfield>
		<subfield code="w">
			(OCoLC)579425269
		</subfield>
	</datafield>
	<datafield ind1="0" ind2="8" tag="776">
		<subfield code="i">
			Print version:
		</subfield>
		<subfield code="a">
			Jundī, Muḥammad Salīm.
		</subfield>
		<subfield code="t">
			Tārīkh Maʻarrat al-Nuʻmān
		</subfield>
		<subfield code="w">
			(NNC)5961440
		</subfield>
		<subfield code="w">
			(DLC)ne 64003200 
		</subfield>
		<subfield code="w">
			(OCoLC)7710329
		</subfield>
	</datafield>
	<datafield ind1=" " ind2="0" tag="830">
		<subfield code="6">
			880-06
		</subfield>
		<subfield code="a">
			Silsilat bilādinā ;
		</subfield>
		<subfield code="v">
			4.
		</subfield>
	</datafield>
	<datafield ind1="4" ind2="0" tag="856">
		<subfield code="u">
			http://hdl.handle.net/2333.1/jsxksr50
		</subfield>
	</datafield>
	<datafield ind1="1" ind2=" " tag="880">
		<subfield code="6">
			100-01/r
		</subfield>
		<subfield code="a">
			جندي، محمد سليم.
		</subfield>
	</datafield>
	<datafield ind1="1" ind2="0" tag="880">
		<subfield code="6">
			245-02/r
		</subfield>
		<subfield code="a">
			تاريخ معرة النعمان /
		</subfield>
		<subfield code="c">
			تأليف محمد سليم الجندي ؛ حققه وعلق عليه ووضع فهارسه عمر رضا كحالة.
		</subfield>
	</datafield>
	<datafield ind1=" " ind2=" " tag="880">
		<subfield code="6">
			260-03/r
		</subfield>
		<subfield code="a">
			دمشق :
		</subfield>
		<subfield code="b">
			وزارة الثقافة والارشاد القومي، مديرية التأليف والترجمة،
		</subfield>
		<subfield code="c">
			1963-1967.
		</subfield>
	</datafield>
	<datafield ind1="1" ind2=" " tag="880">
		<subfield code="6">
			490-04/r
		</subfield>
		<subfield code="a">
			سلسلة بلادنا،
		</subfield>
		<subfield code="v">
			4
		</subfield>
	</datafield>
	<datafield ind1="1" ind2=" " tag="880">
		<subfield code="6">
			700-05/r
		</subfield>
		<subfield code="a">
			كحالة، عمر رضا.
		</subfield>
	</datafield>
	<datafield ind1=" " ind2="0" tag="880">
		<subfield code="6">
			830-06/r
		</subfield>
		<subfield code="a">
			سلسلة بلادنا، ;
		</subfield>
		<subfield code="v">
			4.
		</subfield>
	</datafield>
	<datafield ind1=" " ind2=" " tag="959">
		<subfield code="a">
			NNU
		</subfield>
		<subfield code="b">
			WEB
		</subfield>
		<subfield code="c">
			GENI
		</subfield>
		<subfield code="t">
			0
		</subfield>
		<subfield code="m">
			Electronic access
		</subfield>
		<subfield code="s">
			01
		</subfield>
	</datafield>
	<datafield ind1=" " ind2=" " tag="999">
		<subfield code="i">
			NNC_5961440
		</subfield>
		<subfield code="o">
			(OCoLC)ocm07710329
		</subfield>
		<subfield code="s">
			columbia_aco001565:pt.1
		</subfield>
		<subfield code="e">
			(ERROR-880)
		</subfield>
		<subfield code="s">
			columbia_aco001565:pt.1
		</subfield>
	</datafield>
</record>
